<record><leader>00000cas a2200000 a 4500</leader><controlfield tag="001">28082060</controlfield><controlfield tag="008">930510d18uu1900iluwr ne      0   a0eng c</controlfield><datafield ind1=" " ind2=" " tag="010"><subfield code="a">sn 93055684 </subfield></datafield><datafield ind1=" " ind2=" " tag="040"><subfield code="a">NVF</subfield><subfield code="b">eng</subfield><subfield code="c">NVF</subfield><subfield code="d">OCL</subfield><subfield code="d">NVF</subfield><subfield code="d">OCLCQ</subfield><subfield code="d">NVF</subfield><subfield code="d">OCLCF</subfield><subfield code="d">OCLCO</subfield></datafield><datafield ind1="1" ind2=" " tag="029"><subfield code="a">AU@</subfield><subfield code="b">000020230668</subfield></datafield><datafield ind1=" " ind2=" " tag="042"><subfield code="a">pcc</subfield></datafield><datafield ind1=" " ind2=" " tag="043"><subfield code="a">n-us-il</subfield></datafield><datafield ind1="0" ind2="0" tag="245"><subfield code="a">Blandinsville gazette.</subfield></datafield><datafield ind1=" " ind2=" " tag="260"><subfield code="a">Blandinsville, McDonough County, Ill. :</subfield><subfield code="b">Ballou &amp; Tibbetts</subfield></datafield><datafield ind1=" " ind2=" " tag="300"><subfield code="a">v.</subfield></datafield><datafield ind1=" " ind2=" " tag="310"><subfield code="a">Weekly</subfield></datafield><datafield ind1="1" ind2=" " tag="362"><subfield code="a">Ceased in 1900.</subfield></datafield><datafield ind1=" " ind2=" " tag="580"><subfield code="a">Merged with: Blandinsville star, to form: Blandinsville star-gazette (Blandinsville, Ill. : 1900).</subfield></datafield><datafield ind1=" " ind2=" " tag="588"><subfield code="a">Description based on: Vol. 9, no. 38 (Aug. 6, 1896).</subfield></datafield><datafield ind1=" " ind2=" " tag="588"><subfield code="a">Latest issue consulted: July 27, 1900.</subfield></datafield><datafield ind1=" " ind2="0" tag="651"><subfield code="a">Blandinsville (Ill.)</subfield><subfield code="v">Newspapers.</subfield></datafield><datafield ind1=" " ind2="7" tag="655"><subfield code="a">Newspapers.</subfield><subfield code="2">fast</subfield><subfield code="0">(OCoLC)fst01423814</subfield></datafield><datafield ind1=" " ind2="7" tag="651"><subfield code="a">Illinois</subfield><subfield code="z">Blandinsville.</subfield><subfield code="2">fast</subfield><subfield code="0">(OCoLC)fst01259258</subfield></datafield><datafield ind1=" " ind2=" " tag="752"><subfield code="a">United States</subfield><subfield code="b">Illinois</subfield><subfield code="c">McDonough</subfield><subfield code="d">Blandinsville.</subfield></datafield><datafield ind1="1" ind2="7" tag="785"><subfield code="t">Blandinsville star</subfield></datafield><datafield ind1="1" ind2="7" tag="785"><subfield code="t">Blandinsville star-gazette (Blandinsville, Ill. : 1900)</subfield><subfield code="w">(DLC)sn 89080053</subfield><subfield code="w">(OCoLC)22433747</subfield></datafield></record>